@MISC{WEBSITE:1,
	HOWPUBLISHED = "\url{https://www.ai4bharat.org/articles/railways}",
	AUTHOR = "HARSHAD KHADILKAR",
	TITLE = "Artificial Intelligence for Indian Railways",
	MONTH = "June",
	YEAR = "2019",
}
@ARTICLE{ARTICLE:1,
	AUTHOR="Harshad Khadilkar",
	TITLE="A Scalable Reinforcement Learning Algorithm for Scheduling Railway Lines",
	JOURNAL="IEEE",
	YEAR="2018",
}

@MISC{WEBSITE:2,
	HOWPUBLISHED = "\url{http://www.opentrack.ch/opentrack/opentrack_e/opentrack_e.html}",
}

@MISC{WEBSITE:3,
	HOWPUBLISHED = "\url{https://www.railml.org/en/}",
}
@MISC{WEBSITE:4,
	HOWPUBLISHED = "\url{https://networkx.github.io/}",
}
@MISC{WEBSITE:5,
	HOWPUBLISHED = "\url{https://simpy.readthedocs.io/en/latest/contents.html}",
}
